<?xml version="1.0" encoding="UTF-8"?>
<collection xmlns:xsi="http://www.w3.org/2001/XMLSchema-instance" xsi:schemaLocation="http://www.loc.gov/MARC21/slim http://www.loc.gov/standards/marcxml/schema/MARC21slim.xsd" xmlns="http://www.loc.gov/MARC21/slim">
<record>
  <leader>00774cam a2200205Mi 4500</leader>
  <controlfield tag="001">4887366</controlfield>
  <controlfield tag="003">NNC</controlfield>
  <controlfield tag="005">20130501013631.0</controlfield>
  <controlfield tag="008">990113m18741883ae            000 0 araod</controlfield>
  <datafield tag="035" ind1=" " ind2=" ">
    <subfield code="a">(OCoLC)ocm40975222</subfield>
  </datafield>
  <datafield tag="035" ind1=" " ind2=" ">
    <subfield code="a">(NNC)4887366</subfield>
  </datafield>
  <datafield tag="040" ind1=" " ind2=" ">
    <subfield code="a">CGU</subfield>
    <subfield code="c">CGU</subfield>
    <subfield code="d">OCL</subfield>
    <subfield code="d">CGU</subfield>
    <subfield code="d">OCLCQ</subfield>
    <subfield code="d">NNC</subfield>
  </datafield>
  <datafield tag="100" ind1="1" ind2=" ">
    <subfield code="a">Murādī, Muḥammad Khalīl ibn ʻAlī,</subfield>
    <subfield code="d">1759 or 1760-1791 or 1792.</subfield>
  </datafield>
  <datafield tag="240" ind1="1" ind2="0">
    <subfield code="a">Silk al-durar</subfield>
  </datafield>
  <datafield tag="245" ind1="1" ind2="0">
    <subfield code="a">Kitāb Silk al-durar fī aʻyān al-qarn al-thānī ʻashar /</subfield>
    <subfield code="c">taʾlīf Abī al-Faḍl Muḥammad Khalīl al-Murādī.</subfield>
  </datafield>
  <datafield tag="246" ind1="3" ind2="0">
    <subfield code="a">Silk al-durar fī aʻyān al-qarn al-thānī ʻashar</subfield>
  </datafield>
  <datafield tag="260" ind1=" " ind2=" ">
    <subfield code="a">[Būlāq :</subfield>
    <subfield code="b">Al-Maṭbaʻah al-ʻĀmirah,</subfield>
    <subfield code="c">1874-83]</subfield>
  </datafield>
  <datafield tag="300" ind1=" " ind2=" ">
    <subfield code="a">4 v. in 2 ;</subfield>
    <subfield code="c">25 cm.</subfield>
  </datafield>
  <datafield tag="651" ind1=" " ind2="0">
    <subfield code="a">Orient</subfield>
    <subfield code="v">Biography</subfield>
    <subfield code="v">Dictionaries.</subfield>
  </datafield>
  <datafield tag="955" ind1=" " ind2=" ">
    <subfield code="b">0043496652</subfield>
    <subfield code="d">glx</subfield>
    <subfield code="e">893.79 M93</subfield>
    <subfield code="v">v.3-4</subfield>
  </datafield>
</record>
</collection>